<?xml version="1.0" encoding="UTF-8"?><collection xmlns="http://www.loc.gov/MARC21/slim"><record><leader>00376nam--2200145-i-4500</leader><controlfield tag="001">000010794</controlfield><controlfield tag="002">20161230</controlfield><controlfield tag="005">20161230201028</controlfield><controlfield tag="008">060222s1000------------r-----000-0-eng-d</controlfield><datafield ind1=" " ind2=" " tag="080"><subfield code="a">533.9.07(047.5)</subfield></datafield><datafield ind1=" " ind2=" " tag="100"><subfield code="a">Adati, Keizo And Ogata, Atsushi</subfield></datafield><datafield ind1=" " ind2=" " tag="245"><subfield code="a">A spatial fourier analyser</subfield></datafield><datafield ind1=" " ind2=" " tag="260"><subfield code="a">Negoya, Institute Of Plasma Physics, 1973 15 P</subfield></datafield><datafield ind1=" " ind2=" " tag="490"><subfield code="a">13</subfield></datafield><datafield ind1=" " ind2=" " tag="852"><subfield code="a">39381</subfield></datafield></record></collection>